% Put BibTeX entries for your own work in this file
@STRING{JAS = {J. Atmos. Sci.}}

% Put BibTeX entries other than your own work in this file
@ARTICLE{vanHeerwaarden2014,
    title={Scaling laws for the heterogeneously heated free convective boundary layer},
    author={{van Heerwaarden}, Chiel C and Mellado, Juan Pedro and De Lozar, Alberto},
    journal=JAS,
    volume={71},
    number={11},
    pages={3975--4000},
    year={2014}
}
